<record><leader>00000cas a2200000 a 4500</leader><controlfield tag="001">36667954</controlfield><controlfield tag="008">970402d19711972nyuwr ne      0    0eng c</controlfield><datafield ind1=" " ind2=" " tag="010"><subfield code="a">sn 97063628 </subfield></datafield><datafield ind1=" " ind2=" " tag="040"><subfield code="a">NYS</subfield><subfield code="b">eng</subfield><subfield code="c">NYS</subfield><subfield code="d">OCLCQ</subfield><subfield code="d">OCLCF</subfield><subfield code="d">OCLCO</subfield></datafield><datafield ind1="1" ind2=" " tag="029"><subfield code="a">AU@</subfield><subfield code="b">000013335424</subfield></datafield><datafield ind1=" " ind2=" " tag="042"><subfield code="a">pcc</subfield></datafield><datafield ind1=" " ind2=" " tag="043"><subfield code="a">n-us-ny</subfield></datafield><datafield ind1="0" ind2="0" tag="245"><subfield code="a">Bellmore-Merrick home news and observer.</subfield></datafield><datafield ind1=" " ind2=" " tag="260"><subfield code="a">Farmingdale, N.Y. :</subfield><subfield code="b">Bellmore Home News</subfield></datafield><datafield ind1=" " ind2=" " tag="300"><subfield code="a">v. :</subfield><subfield code="b">ill.</subfield></datafield><datafield ind1=" " ind2=" " tag="310"><subfield code="a">Weekly</subfield></datafield><datafield ind1="1" ind2=" " tag="362"><subfield code="a">Began in 1971; ceased in 1972.</subfield></datafield><datafield ind1=" " ind2=" " tag="588"><subfield code="a">Description based on: Vol. 4, no. 39 (May 20, 1971).</subfield></datafield><datafield ind1=" " ind2="0" tag="651"><subfield code="a">Farmingdale (N.Y.)</subfield><subfield code="v">Newspapers.</subfield></datafield><datafield ind1=" " ind2="0" tag="651"><subfield code="a">Bellmore (N.Y.)</subfield><subfield code="v">Newspapers.</subfield></datafield><datafield ind1=" " ind2="0" tag="651"><subfield code="a">Merrick (N.Y.)</subfield><subfield code="v">Newspapers.</subfield></datafield><datafield ind1=" " ind2="0" tag="651"><subfield code="a">Nassau County (N.Y.)</subfield><subfield code="v">Newspapers.</subfield></datafield><datafield ind1=" " ind2="7" tag="655"><subfield code="a">Newspapers.</subfield><subfield code="2">fast</subfield><subfield code="0">(OCoLC)fst01423814</subfield></datafield><datafield ind1=" " ind2="7" tag="651"><subfield code="a">New York (State)</subfield><subfield code="z">Bellmore.</subfield><subfield code="2">fast</subfield><subfield code="0">(OCoLC)fst01221345</subfield></datafield><datafield ind1=" " ind2="7" tag="651"><subfield code="a">New York (State)</subfield><subfield code="z">Farmingdale.</subfield><subfield code="2">fast</subfield><subfield code="0">(OCoLC)fst01208480</subfield></datafield><datafield ind1=" " ind2="7" tag="651"><subfield code="a">New York (State)</subfield><subfield code="z">Merrick.</subfield><subfield code="2">fast</subfield><subfield code="0">(OCoLC)fst01260090</subfield></datafield><datafield ind1=" " ind2="7" tag="651"><subfield code="a">New York (State)</subfield><subfield code="z">Nassau County.</subfield><subfield code="2">fast</subfield><subfield code="0">(OCoLC)fst01205518</subfield></datafield><datafield ind1=" " ind2=" " tag="752"><subfield code="a">United States</subfield><subfield code="b">New York</subfield><subfield code="c">Nassau</subfield><subfield code="d">Farmingdale.</subfield></datafield><datafield ind1="0" ind2="0" tag="780"><subfield code="t">Bellmore-Merrick home news</subfield><subfield code="w">(DLC)sn 97063625</subfield><subfield code="w">(OCoLC)36667820</subfield></datafield><datafield ind1="0" ind2="0" tag="785"><subfield code="t">Bellmore-Merrick observer</subfield><subfield code="w">(DLC)sn 97063627</subfield><subfield code="w">(OCoLC)36668041</subfield></datafield></record>